@online{cdc,
    author = "Behavioral Risk Factor Surveillance System",
    title = "2015 Survey Data and Documentation",
    url  = "https://www.cdc.gov/brfss/annual_data/annual_2015.html",
}

@article{rf,
    author = "Leo Breiman",
    title = "Random forests",
    journal = " Machine Learning",
    volume = "45",
    number = "5-32",
    pages = "28",
    year = "2001",
    DOI = "https://doi.org/10.1023/A:1010933404324",
}

@misc{adam,
      title={Adam: A Method for Stochastic Optimization}, 
      author={Diederik P. Kingma and Jimmy Ba},
      year={2017},
      eprint={1412.6980},
      archivePrefix={arXiv},
      primaryClass={cs.LG},
      url={https://arxiv.org/abs/1412.6980}, 
}

@article{gini,
    author = {Nembrini, Stefano and KÃ¶nig, Inke R and Wright, Marvin N},
    title = {The revival of the Gini importance?},
    journal = {Bioinformatics},
    volume = {34},
    number = {21},
    pages = {3711-3718},
    year = {2018},
    month = {05},
    issn = {1367-4803},
    doi = {10.1093/bioinformatics/bty373},
    url = {https://doi.org/10.1093/bioinformatics/bty373},
    eprint = {https://academic.oup.com/bioinformatics/article-pdf/34/21/3711/48920785/bioinformatics_34_21_3711.pdf},
}